@book{ontheoriginofspiecies,
    author = {Charles Robert Darwin},
    title = {On the Origin of Species},
    year = {1859},
    publisher = {John Murray},
    keywords = {science, natural selection, evolutionary biology}
}

@misc{spriteAnimation,
  author       = {Michael Heinrichs},
  howpublished = {Blog post},
  title        = {Creating a Sprite Animation with JavaFX},
  year         = {2012},
  url          = {https://netopyr.com/2012/03/09/creating-a-sprite-animation-with-javafx/}
}

@misc{spriteSheets,
  author       = {Pixel Frog},
  howpublished = {Itch.io},
  title        = {Pixel Adventure 2},
  year         = {2023},
  url          = {https://pixelfrog-assets.itch.io/pixel-adventure-2}
}

@misc{jarFile,
  author       = {user1079877},
  howpublished = {StackOverflow},
  title        = {How can I access a folder inside of a resource folder from inside my jar File?},
  year         = {2012},
  url          = {https://stackoverflow.com/a/20073154/17169764}
}

@misc{bgm,
  author       = {SketchyLogic},
  howpublished = {OpenGameArt},
  title        = {NES Shooter Music 5 tracks, 3 jingles},
  year         = {2014},
  url          = {https://opengameart.org/content/nes-shooter-music-5-tracks-3-jingles}
}

@misc{sfxGB,
  author       = {OmegaPixelArt},
  howpublished = {Itch.io},
  title        = {GAMEBOY SFX PACK 1},
  year         = {2019},
  url          = {https://omegaosg.itch.io/gameboy-sfx-pack}
}

@misc{sfxMenu,
  author       = {ColorAlpha},
  howpublished = {Itch.io},
  title        = {50 Menu Interface SFX},
  year         = {2022},
  url          = {https://coloralpha.itch.io/50-menu-interface-sfx}
}
